@inproceedings{stanfordparser,
 author = {Klein, Dan and Manning, Christopher D.},
 title = {Accurate Unlexicalized Parsing},
 booktitle = {Proceedings of the 41st Annual Meeting on Association for Computational Linguistics - Volume 1},
 series = {ACL '03},
 year = {2003},
 location = {Sapporo, Japan},
 pages = {423--430},
 numpages = {8},
 url = {https://doi.org/10.3115/1075096.1075150},
 doi = {10.3115/1075096.1075150},
 acmid = {1075150},
 publisher = {Association for Computational Linguistics},
 address = {Stroudsburg, PA, USA},
}

@inproceedings{berkeleyparser1,
  title={Learning accurate, compact, and interpretable tree annotation},
  author={Petrov, Slav and Barrett, Leon and Thibaux, Romain and Klein, Dan},
  booktitle={Proceedings of the 21st International Conference on Computational Linguistics and the 44th annual meeting of the Association for Computational Linguistics},
  pages={433--440},
  year={2006},
  organization={Association for Computational Linguistics}
}

@inproceedings{berkeleyparser2,
  title={Improved inference for unlexicalized parsing},
  author={Petrov, Slav and Klein, Dan},
  booktitle={Human Language Technologies 2007: The Conference of the North American Chapter of the Association for Computational Linguistics; Proceedings of the Main Conference},
  pages={404--411},
  year={2007}
}

@article{penntagsetAusfuehrlich,
  title={Bracketing guidelines for Treebank II style Penn Treebank project},
  author={Bies, Ann and Ferguson, Mark and Katz, Karen and MacIntyre, Robert and Tredinnick, Victoria and Kim, Grace and Marcinkiewicz, Mary Ann and Schasberger, Britta},
  journal={University of Pennsylvania},
  volume={97},
  pages={100},
  year={1995}
}

@article{ptbInformationen,
  title={Building a large annotated corpus of English: The Penn Treebank},
  author={Marcus, Mitchell and Santorini, Beatrice and Marcinkiewicz, Mary Ann},
  year={1993}
}

@book{nlpGrundlagen,
  title={Speech and language processing: An introduction to natural language processing, computational linguistics, and speech recognition},
  author={Martin, James H and Jurafsky, Daniel},
  year={2009},
  publisher={Pearson/Prentice Hall Upper Saddle River}
}

@online{ldc, 
  title={About LDC}, 
  url={https://www.ldc.upenn.edu/about}, 
  Urldate={2019-06-04},
  author = {Linguistic Data Consortium}}

@online{stanfordTokenizer, 
  title={Stanford Tokenizer}, 
  url={https://nlp.stanford.edu/software/tokenizer.html}, 
  Urldate={2019-06-04}}

@online{openNlpManual, 
  title={Apache OpenNLP Developer Documentation}, 
  url={https://opennlp.apache.org/docs/1.9.1/manual/opennlp.html}, 
  Urldate={2019-06-04}}

@online{nltk, 
  title={Natural Language Toolkit}, 
  url={http://www.nltk.org/}, 
  Urldate={2019-06-04}}

@online{rmstudio, 
  title={RapidMiner Studio}, 
  url={https://rapidminer.com/products/studio/}, 
  Urldate={2019-06-05}}

@online{textExt, 
  title={Text Processing}, 
  url={https://marketplace.rapidminer.com/UpdateServer/faces/product_details.xhtml?productId=rmx_text}, 
  Urldate={2019-06-05}}

@online{rmguide, 
  title={Creating your Own Extension}, 
  url={https://docs.rapidminer.com/latest/developers/creating-your-own-extension/}, 
  Urldate={2019-06-05}}

@article{collinsModel,
  title={Three generative, lexicalised models for statistical parsing},
  author={Collins, Michael},
  journal={arXiv preprint cmp-lg/9706022},
  year={1997}
}

@inproceedings{tedtalks,
  title={The naist-ntt ted talk treebank},
  author={Neubig, Graham and Sudoh, Katsuhito and Oda, Yusuke and Duh, Kevin and Tsukada, Hajime and Nagata, Masaaki},
  booktitle={International Workshop on Spoken Language Translation},
  year={2014}
}

@inproceedings{crossbrackets,
  title={A procedure for quantitatively comparing the syntactic coverage of English grammars},
  author={Black, Ezra and Abney, Steven and Flickenger, Dan and Gdaniec, Claudia and Grishman, Ralph and Harrison, Philip and Hindle, Donald and Ingria, Robert and Jelinek, Frederick and Klavans, Judith and others},
  booktitle={Speech and Natural Language: Proceedings of a Workshop Held at Pacific Grove, California, February 19-22, 1991},
  year={1991}
}

@misc{parseval, 
	title={Automatic Parser Evaluation},
	author={Kikas, Taavet and Treumuth, Margus},
	year={2007},
	month={April}}